@misc{ artigo_pcu,
       author = "Edm√©ia Leonor Pereira de Andrade",
       title = "PROCEDIMENTOS DE CONTAGEM DE PONTOS DE CASOS DE USO (PCU)",
       year = "2005" }

