@book{cohn06,
 author = "Mike Cohn",
 title = "Agile estimating and planning",
 year = "2006",
 publisher = "Pearson Education, Inc",
 isbn = "0-13-147941-5"
}

@misc{scrum13,
 author = "Ken Schwaber AND Jeff Sutherland",
 title = "Guia do Scrum",
 month = "July",
 year = "2013"
}